%%%%%%%%%%%%%%%%%%%%%%%%%%%%%%%%%%%%%%%%%%%%%%%%%%%%%%%%%%%%%%%%%%%%%%%%%%%%%%%%%
%
% --- Hinweise zur Literaturverwaltung ---
% 
% Das Template verwendet Biblatex zur Verwaltung des
% Literaturverzeichnisses. Im Vergleich zu Bibtex stehen
% deswegen einige zusätzliche Features zur Verfügung.
%
% Die wichtigsten Typen von Einträgen:
%   - @article         Reguläre (Journal-)Paper
%   - @inproceedings   Paper in Konferenz-Proceedings
%   - @book            Bücher
%   - @online          Internet-Quellen (über das urldate-Feld
%                        kann das Abrufdatum spezifiziert werden)
%
%
% Die offizielle Dokumentation des Biblatex-Pakets enthält eine
% vollständige Liste aller erlaubten Eintrags-Typen. Sie ist
% unter der folgenden URL zu finden:
%     http://mirrors.ctan.org/macros/latex/contrib/biblatex/doc/biblatex.pdf
%
%%%%%%%%%%%%%%%%%%%%%%%%%%%%%%%%%%%%%%%%%%%%%%%%%%%%%%%%%%%%%%%%%%%%%%%%%%%%%%%%%

@article{Konak2006,
  author =		 {Konak, A. and Coit, D. W. and Smith, A. E.},
  doi =			 {10.1016/j.ress.2005.11.018},
  issn =		 {09518320},
  journaltitle = {Reliability Engineering \& System Safety},
  month =		 sep,
  number =		 {9},
  pages =		 {992--1007},
  title =		 {{Multi-objective optimization using genetic
                  algorithms: A tutorial}},
  volume =		 {91},
  year =		 {2006}
}

@inproceedings{Sailer2013,
  title =		 {Optimizing the task allocation step for multi-core
                  processors within AUTOSAR},
  author =		 {Sailer, A. and Schmidhuber, S. and Deubzer, M. and
                  Alfranseder, M. and Mucha, M. and Mottok, J.},
  booktitle =	 {2013 International Conference on Applied Electronics (AE)},
  pages =		 {1--6},
  year =		 {2013},
  organization = {IEEE}
}

@Online{Kolibri,
  title =		 {File:Hummingbird.jpg},
  year =		 2004,
  url =			 {https://commons.wikimedia.org/wiki/File:Hummingbird.jpg},
  urldate =		 {2018-04-09}
}

@Online{entfernungstabelle,
  title =		 {Entfernungstabelle -- Entfernungstabelle für 40 Deutsche Städte},
  year =		 2017,
  url =			 {http://www.auslandversicherungen.de/entfernungstabelle.html},
  urldate =		 {2017-05-09}
}

@online{linux-release,
	title =			{Active kernel releases},
	organization =	{Linux Kernel Organization, Inc.},
	year =			{2020},
	url =			{https://www.kernel.org/category/releases.html},
	urldate =		{2020-05-20}
}

@online{linux-kernel,
	title =			{The Linux Kernel Archives},
	organization =	{Linux Kernel Organization, Inc.},
	year =			{2020},
	url =			{https://www.kernel.org},
	urldate =		{2020-05-20}
}

@online{gcc-homepage,
	title =			{GCC, the GNU Compiler Collection},
	organization =	{Free Software Foundation, Inc.},
	year =			{2020},
	url =			{https://www.gnu.org/software/gcc/},
	urldate =		{2020-05-20}
}

@online{rhel-release,
	title =			{Red Hat Enterprise Linux Release Dates},
	organization =	{Red Hat, Inc.},
	year =			{2020},
	url =			{https://access.redhat.com/articles/3078},
	urldate =		{2020-05-20}
}

@online{ubuntu-release,
	title =			{Release Notes},
	organization =	{Canonical Ltd.},
	year =			{2020},
	url =			{https://wiki.ubuntu.com/FocalFossa/ReleaseNotes#Linux_Kernel},
	urldate =		{2020-05-20}
}

@online{debian-release,
	title =			{Updated Debian 10: 10.4 released},
	organization =	{Software in the Public Interest, Inc.},
	year =			{2020},
	url =			{https://www.debian.org/News/2020/20200509.en.html},
	urldate =		{2020-05-20}
}

@online{debian-kernel,
	title =			{Package: linux-image-amd64 (4.19+105+deb10u4)},
	organization =	{Software in the Public Interest, Inc.},
	year =			{2020},
	url =			{https://packages.debian.org/en/buster/linux-image-amd64},
	urldate =		{2020-05-20}
}

@online{android-release,
	title =			{android/kernel/common - Branches},
	organization =	{Google LLC},
	year =			{2020},
	url =			{https://android.googlesource.com/kernel/common/+refs},
	urldate =		{2020-05-20}
}

@online{android-market-share,
	title =			{Mobile Operating System Market Share Worldwide},
	organization =	{Statcounter},
	year =			{2020},
	url =			{https://gs.statcounter.com/os-market-share/mobile/worldwide/},
	urldate =		{2020-05-20}
}

@online{rhel-gcc,
	title =			{What gcc versions are available in Red Hat Enterprise Linux?},
	organization =	{Red Hat, Inc.},
	year =			{2020},
	url =			{https://access.redhat.com/solutions/19458},
	urldate =		{2020-05-20}
}

@online{ubuntu-gcc,
	title =			{Package: gcc (4:9.3.0-1ubuntu2)},
	organization =	{Canonical Ltd.},
	year =			{2020},
	url =			{https://packages.ubuntu.com/en/focal/gcc},
	urldate =		{2020-05-20}
}

@online{debian-gcc,
	title =			{Package: gcc (4:8.3.0-1)},
	organization =	{Software in the Public Interest, Inc.},
	year =			{2020},
	url =			{https://packages.debian.org/en/buster/gcc},
	urldate =		{2020-05-20}
}

